@article{articleintro1,
author = {Devalaraja, Samir and Jain, Shalini and Yadav, Hariom},
year = {2011},
month = {08},
pages = {1856-1865},
title = {Exotic Fruits as Therapeutic Complements for Diabetes, Obesity and Metabolic Syndrome},
volume = {44},
journal = {FOOD RESEARCH INTERNATIONAL (OTTAWA, ONT.)},
doi = {10.1016/j.foodres.2011.04.008}
}

@article{article20,
author = {Gunawardana, Shehara and Jayasuriya, W.J.A. Banukie},
year = {2019},
month = {05},
pages = {1-18},
title = {Medicinally Important Herbal Flowers in Sri Lanka},
volume = {2019},
journal = {Evidence-Based Complementary and Alternative Medicine},
doi = {10.1155/2019/2321961}
}

@article{articleintro2,
author = {Ediriweera, E.R.H.S.S.. and Ratnasooriya, W.},
title =  {{A Review on Herbs Used in treatment of Diabetes Mellitus by Sri Lankan Ayurvedic and Traditional Physicians}},
journal  ={AYU (AN INTERNATIONAL QUARTERLY JOURNAL OF RESEARCH IN AYURVEDA)},
volume ={30},
number ={4},
pages  = {373-391},
year  = {2009}
}

@article{PMID,
	Title = {The classification of sri lankan medicinal herbs: an extensive comparison of the antioxidant activities},
	Author = {Waisundara, Viduranga Y and Watawana, Mindani I},
	DOI = {10.4103/2225-4110.126175},
	Number = {3},
	Volume = {4},
	Month = {July},
	Year = {2014},
	Journal = {JOURNAL OF TRADITIONAL AND COMPLEMENTARY MEDICINE},
	ISSN = {2225-4110},
	Pages = {196-202},
	URL = {https://europepmc.org/articles/PMC4142458},
}

@article{articlee,
author = {Waldchen, Jana and Mader, Patrick},
year = {2018},
month = {04},
pages = {507-543},
title = {Plant Species Identification Using Computer Vision Techniques: A Systematic Literature Review},
volume = {25},
journal = {ARCHIVES OF COMPUTATIONAL METHODS IN ENGINEERING},
doi = {10.1007/s11831-016-9206-z}
}

@INPROCEEDINGS{8675114,
  author={N. {Goyal} and  {Kapil} and N. {Kumar}},
  booktitle={2018 International Conference on Computing, Power and Communication Technologies (GUCON)}, 
  title={Plant Species Identification using Leaf Image Retrieval: A Study}, 
  year={2018},
  volume={},
  number={},
  pages={405-411},}

@article{DBLP,
author = {Nantheera Anantrasirichai and
Sion L. Hannuna and
Nishan Canagarajah},
title = {Automatic Leaf Extraction from Outdoor Images},
journal = {CORR},
volume = {abs/1709.06437},
year = {2017},
url = {http://arxiv.org/abs/1709.06437},
archivePrefix = {arXiv},
eprint = {1709.06437},
timestamp = {Mon, 13 Aug 2018 16:49:07 +0200},
biburl = {https://dblp.org/rec/journals/corr/abs-1709-06437.bib},
bibsource = {dblp computer science bibliography, https://dblp.org}
}

@article{article10,
author = {Aakif, Aimen and Khan, Muhammad},
year = {2015},
month = {11},
pages = {66-75},
title = {Automatic classification of plants based on their leaves},
volume = {139},
journal = {BIOSYSTEMS ENGINEERING},
doi = {10.1016/j.biosystemseng.2015.08.003}
}

@article{articlepl,
author = {Azlah, Muhammad and Chua, Lee Suan and Rahmad, Fakhrul and Abdullah, Farah and Alwi, Sharifah},
year = {2019},
month = {10},
pages = {77},
title = {Review on Techniques for Plant Leaf Classification and Recognition},
volume = {8},
journal = {COMPUTERS},
doi = {10.3390/computers8040077}
}


@article{article5,
author = {Kalyoncu, Cem and Toygar, Onsen},
year = {2014},
month = {11},
pages = {},
title = {Geometric Leaf Classification},
volume = {133},
journal = {COMPUTER VISION AND IMAGE UNDERSTANDING},
doi = {10.1016/j.cviu.2014.11.001}
}


@INPROCEEDINGS{6659400,
  author={R. {Janani} and A. {Gopal}},
  booktitle={2013 International Conference on Advanced Electronic Systems (ICAES)}, 
  title={Identification of selected medicinal plant leaves using image features and ANN},
  year={2013},
  volume={},
  number={},
  pages={238-242},}


@article{article9,
author = {turkoglu, Muammer and Hanbay, Davut},
year = {2019},
month = {07},
pages = {1-14},
title = {Recognition of plant leaves: An approach with hybrid features produced by dividing leaf images into two and four parts},
volume = {352},
journal = {APPLIED MATHEMATICS AND COMPUTATION},
doi = {10.1016/j.amc.2019.01.054}
}

@INPROCEEDINGS{4458016,
  author={S. G. {Wu} and F. S. {Bao} and E. Y. {Xu} and Y. {Wang} and Y. {Chang} and Q. {Xiang}},
  booktitle={2007 IEEE International Symposium on Signal Processing and Information Technology}, 
  title={A Leaf Recognition Algorithm for Plant Classification Using Probabilistic Neural Network}, 
  year={2007},
  volume={},
  number={},
  pages={11-16},}

@inproceedings{inproceedings,
author = {Herdiyeni, Yeni and Wahyuni, Ni},
year = {2012},
month = {12},
pages = {},
title = {Mobile Application for Indonesian Medicinal Plants Identification using Fuzzy Local Binary Pattern and Fuzzy Color Histogram},
journal = {2012 INTERNATIONAL CONFERENCE ON ADVANCED COMPUTER SCIENCE AND INFORMATION SYSTEMS, ICACSIS 2012 - PROCEEDINGS}
}  

@article{article7,
author = {Jeon, Wang-Su and Rhee, Sang-Yong},
year = {2017},
month = {03},
pages = {26-34},
title = {Plant Leaf Recognition Using a Convolution Neural Network},
volume = {17},
journal = {THE INTERNATIONAL JOURNAL OF FUZZY LOGIC AND INTELLIGENT SYSTEMS},
doi = {10.5391/IJFIS.2017.17.1.26}
}

@INPROCEEDINGS{8305438,
  author={A. {Khmag} and S. A. R. {Al-Haddad} and N. {Kamarudin}},
  booktitle={2017 IEEE 15th Student Conference on Research and Development (SCOReD)}, 
  title={Recognition system for leaf images based on its leaf contour and centroid}, 
  year={2017},
  volume={},
  number={},
  pages={467-472},}


@article{article6,
author = {Kulkarn, A.H. and H.M.Rai, Dr and Jahagirdar, Krishna and P.S.Upparamani},
year = {2013},
month = {01},
pages = {984-988},
title = {A Leaf Recognition Technique for Plant Classification Using RBPNN and Zernike Moments},
volume = {2},
journal = {JOURNAL OF COMPUTER-MEDIATED COMMUNICATION}
}


@article{article12,
author = {D. D. Nilaweera},
year = {2010},
howpublished  = "\url{https://sites.google.com/site/herbalsinsrilanka/threatened-endangered}",
title = {{Journal of Machine Learning Research}}
}

@article{article4,
  title={Visualizing statistical models: Removing the blindfold},
  author={Hadley Wickham, Dianne Cook, Heike Hofmann},
  journal={THE ASA DATA SCIENCE JOURNAL},
  volume={8},
  number={4},
  pages={203--225},
  year={2015},
  doi={10.1002/sam.11271}
}



@ARTICLE{8721762,
  author={F. {Mostajer Kheirkhah} and H. {Asghari}},
  journal={IET COMPUTER VISION}, 
  title={Plant leaf classification using GIST texture features}, 
  year={2019},
  volume={13},
  number={4},
  pages={369-375},}
  
@article{article8,
author = {Wang, Xuan and Liang, Junhua and Guo, Fangxia},
year = {2014},
month = {11},
pages = {},
title = {Feature extraction algorithm based on dual-scale decomposition and local binary descriptors for plant leaf recognition},
volume = {34},
journal = {DIGITAL SIGNAL PROCESSING},
doi = {10.1016/j.dsp.2014.08.005}
}



@article{article11,
author = {van der Maaten, Laurens and Hinton, Geoffrey},
year = {2008},
month = {11},
pages = {2579-2605},
title = {Viualizing data using t-SNE},
volume = {9},
journal = {JOURNAL OF MACHINE LEARNING RESEARCH}
}

@article{article30,
	author = {Gnanaprakash. V and Sathishkumar. N and Finney Daniel Shadrach S},
	title = {Article: Back Propagation Neural Network for Defect Detection of Woven Fabrics},
	journal = {International Journal of Computer Applications},
	year = {2014},
	volume = {86},
	number = {1},
	pages = {11-14},
	month = {January},
	note = {Full text available}
}

@article{article31,
  title={Quantitative description and automated classification of cellular protein localization patterns in fluorescence microscope images of mammalian cells.},
  author={Boland, MV},
  year={2000}
}

@inproceedings{inproceedings1,
author = {Caglayan, Ali and Guclu, Oguzhan and Can, Ahmet},
year = {2013},
month = {09},
pages = {161-170},
title = {A Plant Recognition Approach Using Shape and Color Features in Leaf Images},
isbn = {978-3-642-41183-0},
doi = {10.1007/978-3-642-41184-7_17}
}

@article{article32,
author = {Tharwat, Alaa and Gaber, Tarek and Ibrahim, Abdelhameed and Hassanien, Aboul Ella},
year = {2017},
month = {05},
pages = {169-190,},
title = {Linear discriminant analysis: A detailed tutorial},
volume = {30},
journal = {Ai Communications},
doi = {10.3233/AIC-170729}
}

@article{article33,
author = {Jason Brownlee},
year = {2020},
month = {05},
howpublished  = "\url{https://machinelearningmastery.com/robust-scaler-transforms-for-machine-learning/}",
title = {{How to Scale Data With Outliers for Machine Learning}}
}

@misc{article34,
author = "Dua, Dheeru and Graff, Casey",
year = "2017",
title = "{UCI} Machine Learning Repository",
url = "http://archive.ics.uci.edu/ml",
institution = "University of California, Irvine, School of Information and Computer Sciences"}

@article{article35,
author = {Tharwat, Alaa and Gaber, Tarek and Ibrahim, Abdelhameed and Hassanien, Aboul Ella},
year = {2017},
month = {05},
pages = {169-190,},
title = {Linear discriminant analysis: A detailed tutorial},
volume = {30},
journal = {Ai Communications},
doi = {10.3233/AIC-170729}
}

@article{article36,
author = {Khaled Fawagreh and Mohamed Medhat Gaber and Eyad Elyan},
title = {Random forests: from early developments to recent advancements},
journal = {Systems Science \& Control Engineering},
volume = {2},
number = {1},
pages = {602-609},
year  = {2014},
publisher = {Taylor & Francis},
doi = {10.1080/21642583.2014.956265},

URL = { 
        https://doi.org/10.1080/21642583.2014.956265
    
},
eprint = { 
        https://doi.org/10.1080/21642583.2014.956265
    
}

}

@article{article37,
author = {Wilkinson, Leland and Wills, Graham},
year = {2008},
month = {06},
pages = {473-491},
title = {Scagnostics Distribution},
volume = {17},
journal = {Journal of Computational and Graphical Statistics - J COMPUT GRAPH STAT},
doi = {10.1198/106186008X320465}
}

@article{article38,
author = {Sharma, Ajay and Chhikara, S and Ghodekar, S and Bhatia, Saurabh and Kharya, M and Gajbhiye, Virendra and Mann, A and Namdeo, Ajay and Mahadik, Kakasaheb},
year = {2009},
month = {01},
pages = {206-215},
title = {Phytochemical and Pharmacological investigations on Boswellia serrata},
volume = {3},
journal = {Phcog Rev}
}

@article{article39,
author = {Debra Rose Wilson},
year = {2019},
month = {02},
howpublished  = "\url{https://www.healthline.com/health/most-powerful-medicinal-plants}",
title = {{Nature’s 9 Most Powerful Medicinal Plants and the Science Behind Them}}
}

@article{article40,
author = {Chen, Shi-Lin and Yu, Hua and Luo, Hong-Mei and Wu, Qiong and Li, Chun-Fang and Steinmetz, Andre},
year = {2016},
month = {12},
pages = {},
title = {Conservation and sustainable use of medicinal plants: Problems, progress, and prospects},
volume = {11},
journal = {Chinese Medicine},
doi = {10.1186/s13020-016-0108-7}
}

@inbook{inbook,
author = {Schippmann, Uwe and Leaman, Danna and Cunningham, A},
year = {2002},
month = {01},
pages = {142-167},
title = {Impact of Cultivation and Gathering of Medicinal Plants on Biodiversity: Global Trends and Issues},
journal = {Biodiversity and the Ecosystem Approach in Agriculture, Forestry and Fisheries}
}